<?xml version='1.0' encoding='UTF-8'?>
<record xmlns="http://www.loc.gov/MARC21/slim">
  <leader>01378cam a2200301 a 4500</leader>
  <controlfield tag="001">2762729</controlfield>
  <controlfield tag="003">NjP</controlfield>
  <controlfield tag="005">20171010174236.0</controlfield>
  <controlfield tag="008">890401s1965    iq b     b   f000 0 araod</controlfield>
  <datafield tag="024" ind1="7" ind2=" ">
    <subfield code="a">princeton_aco002396</subfield>
    <subfield code="2">local</subfield>
  </datafield>
  <datafield ind1=" " ind2=" " tag="010">
    <subfield code="a">ne 66000341  </subfield>
  </datafield>
  <datafield ind1=" " ind2=" " tag="035">
    <subfield code="a">(OCoLC)ocm23510861</subfield>
  </datafield>
  <datafield ind1=" " ind2=" " tag="035">
    <subfield code="9">CNF7703TS</subfield>
  </datafield>
  <datafield ind1=" " ind2=" " tag="040">
    <subfield code="a">EYM</subfield>
    <subfield code="c">EYM</subfield>
    <subfield code="d">EEM</subfield>
    <subfield code="d">PUL</subfield>
  </datafield>
  <datafield ind1=" " ind2=" " tag="043">
    <subfield code="a">aw-----</subfield>
  </datafield>
  <datafield ind1="0" ind2=" " tag="050">
    <subfield code="a">DS62</subfield>
    <subfield code="b">.S45 1965</subfield>
  </datafield>
  <datafield ind1="1" ind2=" " tag="100">
    <subfield code="a">Shārif, Ibrāhīm.</subfield>
  </datafield>
  <datafield ind1="1" ind2="3" tag="245">
    <subfield code="a">al-Sharq al-Awsaṭ :</subfield>
    <subfield code="b">dirāsah li-ittijāhāt siyāsīyat al-istiʻmār ḥattá qiyām thaurah 14 tammūz 1958 fī al-ʻIrāq /</subfield>
    <subfield code="c">taʾālīf Ibrāhīm Sharīf..</subfield>
  </datafield>
  <datafield ind1=" " ind2=" " tag="260">
    <subfield code="a">Baghdād :</subfield>
    <subfield code="b">Dār al-Jamhūrīyah,</subfield>
    <subfield code="c">1965.</subfield>
  </datafield>
  <datafield ind1=" " ind2=" " tag="300">
    <subfield code="a">278 p. :</subfield>
    <subfield code="b">maps ;</subfield>
    <subfield code="c">24 cm.</subfield>
  </datafield>
  <datafield ind1="0" ind2=" " tag="490">
    <subfield code="a">al-Silsilah al-siyāsīyah ;</subfield>
    <subfield code="v">8</subfield>
  </datafield>
  <datafield ind1=" " ind2=" " tag="500">
    <subfield code="a">Series and corporate author from cover.</subfield>
  </datafield>
  <datafield ind1=" " ind2=" " tag="504">
    <subfield code="a">Includes bibliographical references (p. 270-278).</subfield>
  </datafield>
  <datafield ind1=" " ind2="0" tag="651">
    <subfield code="a">Middle East</subfield>
    <subfield code="x">History</subfield>
    <subfield code="y">1517-</subfield>
    <subfield code="0">http://id.loc.gov/authorities/subjects/sh85090508</subfield>
  </datafield>
  <datafield ind1=" " ind2="0" tag="651">
    <subfield code="a">Middle East</subfield>
    <subfield code="x">Foreign relations.</subfield>
    <subfield code="0">http://id.loc.gov/authorities/subjects/sh85090504</subfield>
  </datafield>
  <datafield ind1=" " ind2="0" tag="651">
    <subfield code="a">Middle East</subfield>
    <subfield code="x">Politics and government</subfield>
    <subfield code="y">1914-1945.</subfield>
    <subfield code="0">http://id.loc.gov/authorities/subjects/sh85090512</subfield>
  </datafield>
  <datafield ind1="1" ind2=" " tag="710">
    <subfield code="a">Iraq.</subfield>
    <subfield code="b">Wizārat al-Thaqāfah wa-al-Irshād.</subfield>
    <subfield code="0">http://id.loc.gov/authorities/names/n81036023</subfield>
  </datafield>
  <datafield ind1=" " ind2=" " tag="945">
    <subfield code="a">F</subfield>
    <subfield code="b">1</subfield>
    <subfield code="c">2274.87559.385</subfield>
  </datafield>
  <datafield ind1=" " ind2=" " tag="911">
    <subfield code="a">20000130</subfield>
  </datafield>
  <datafield ind1="0" ind2="0" tag="852">
    <subfield code="0">3073512</subfield>
    <subfield code="b">nec</subfield>
    <subfield code="t">1</subfield>
    <subfield code="h">DS62</subfield>
    <subfield code="i">.S537 1965</subfield>
  </datafield>
  <datafield ind1=" " ind2=" " tag="959">
    <subfield code="a">2009-07-01 16:19:55 -0400</subfield>
  </datafield>
</record>
